@book{Manning:1999:FSN:311445,
 author = {Manning, Christopher D. and Sch\"{u}tze, Hinrich},
 title = {Foundations of Statistical Natural Language Processing},
 year = {1999},
 isbn = {0-262-13360-1},
 publisher = {MIT Press},
 address = {Cambridge, MA, USA},
} 

@INPROCEEDINGS{McCallum98acomparison,
    author = {Andrew McCallum and Kamal Nigam},
    title = {A comparison of event models for Naive Bayes text classification},
    booktitle = {IN AAAI-98 WORKSHOP ON LEARNING FOR TEXT CATEGORIZATION},
    year = {1998},
    pages = {41--48},
    publisher = {AAAI Press}
}

@article{708428,
  added-at = {2012-01-06T13:45:54.000+0100},
  author = {Hearst, M.A. and Dumais, S.T. and Osman, E. and Platt, J. and Scholkopf, B.},
  biburl = {https://www.bibsonomy.org/bibtex/2719643359daa771241c8fcd6444d92fb/telekoma},
  doi = {10.1109/5254.708428},
  interhash = {7956e01381d0c868828d1062575076f8},
  intrahash = {719643359daa771241c8fcd6444d92fb},
  issn = {1094-7167},
  journal = {Intelligent Systems and their Applications, IEEE},
  keywords = {bachelor:2011:bachmann ieee svm textklassifikation},
  month = {jul/aug},
  number = 4,
  pages = {18 -28},
  timestamp = {2012-01-06T13:45:55.000+0100},
  title = {Support vector machines},
  volume = 13,
  year = 1998
}

@Inbook{Aluisio2003,
author="Alu{\'i}sio, Sandra
and Pelizzoni, Jorge
and Marchi, Ana Raquel
and de Oliveira, Luc{\'e}lia
and Manenti, Regiana
and Marquiaf{\'a}vel, Vanessa",
editor="Mamede, Nuno J.
and Trancoso, Isabel
and Baptista, Jorge
and das Gra{\c{c}}as Volpe Nunes, Maria",
title="An Account of the Challenge of Tagging a Reference Corpus for Brazilian Portuguese",
bookTitle="Computational Processing of the Portuguese Language: 6th International Workshop, PROPOR 2003 Faro, Portugal, June 26--27, 2003 Proceedings",
year="2003",
publisher="Springer Berlin Heidelberg",
address="Berlin, Heidelberg",
pages="110--117",
abstract="This article identifies and addresses the major linguistic/conceptual, as opposed to logistic, issues faced in the morphosyntactic tagging of MAC-Morpho, a 1.1 million word Brazilian Portuguese corpus of newspaper articles that has been developed in the Lacio-Web Project. Rather than simply presenting the annotated corpus and describing its tagset, we elaborate on the criteria for establishing the tagset and analyze some interesting cases amongst the linguistic problems we faced in this work.",
isbn="978-3-540-45011-5",
doi="10.1007/3-540-45011-4_17",
url="https://doi.org/10.1007/3-540-45011-4_17"
}
