@Book{plmgp:08,
  author = 	 {Riccardo Poli and William B. Langdon and Nicholas F. McPhee},
  title = 	 {A Field Guide to Genetic Programming},
  publisher = 	 {LuLu},
  year = 	 {2008},
  edition = 	 {1st}
}